@article{abadi1991explicit,
  title={Explicit substitutions},
  author={Abadi, Martin and Cardelli, Luca and Curien, P-L and L{\'e}vy, J-J},
  journal={Journal of functional programming},
  volume={1},
  number={4},
  pages={375--416},
  year={1991},
  publisher={Cambridge University Press}
}

@incollection{abramsky2010introduction,
  title={Introduction to categories and categorical logic},
  author={Abramsky, Samson and Tzevelekos, Nikos},
  booktitle={New structures for physics},
  pages={3--94},
  year={2010},
  publisher={Springer}
}

@inproceedings{altenkirch1995categorical,
  title={Categorical reconstruction of a reduction free normalization proof},
  author={Altenkirch, Thorsten and Hofmann, Martin and Streicher, Thomas},
  booktitle={International Conference on Category Theory and Computer Science},
  pages={182--199},
  year={1995},
  organization={Springer}
}

@inproceedings{altenkirch2001normalization,
  title={Normalization by evaluation for typed lambda calculus with coproducts},
  author={Altenkirch, Thorsten and Dybjer, Peter and Hofmann, Martin and Scott, Phil},
  booktitle={Proceedings 16th Annual IEEE Symposium on Logic in Computer Science},
  pages={303--310},
  year={2001},
  organization={IEEE}
}

@inproceedings{altenkirch2018quotient,
  title={Quotient inductive-inductive types},
  author={Altenkirch, Thorsten and Capriotti, Paolo and Dijkstra, Gabe and Kraus, Nicolai and Forsberg, Fredrik Nordvall},
  booktitle={International Conference on Foundations of Software Science and Computation Structures},
  pages={293--310},
  year={2018},
  organization={Springer, Cham}
}

@inproceedings{berger1991inverse,
  title={An inverse of the evaluation functional for typed lambda-calculus},
  author={Berger, Ulrich and Schwichtenberg, Helmut},
  booktitle={[1991] Proceedings Sixth Annual IEEE Symposium on Logic in Computer Science},
  pages={203--211},
  year={1991},
  organization={IEEE}
}

@article{cchm,
  title={Cubical type theory: a constructive interpretation of the univalence axiom},
  author={Cohen, Cyril and Coquand, Thierry and Huber, Simon and M{\"o}rtberg, Anders},
  journal={arXiv preprint arXiv:1611.02108},
  year={2016}
}

@inproceedings{chapman2006tait,
  title={Tait in One Big Step.},
  author={Altenkirch, Thorsten and Chapman, James},
  booktitle={MSFP@ MPC},
  year={2006}
}

@article{chapman2009bsn,
  title={Big-step normalisation},
  author={Altenkirch, Thorsten and Chapman, James},
  journal={Journal of Functional Programming},
  volume={19},
  number={3-4},
  pages={311--333},
  year={2009},
  publisher={Cambridge University Press}
}

@article{chapman2009type,
  title={Type theory should eat itself},
  author={Chapman, James},
  journal={Electronic Notes in Theoretical Computer Science},
  volume={228},
  pages={21--36},
  year={2009},
  publisher={Elsevier}
}

@phdthesis{chapman2009normalisation,
  title={Type checking and normalisation},
  author={Chapman, James Maitland},
  year={2009},
  school={University of Nottingham}
}

@article{coquand1991conversion,
  title={An algorithm for testing conversion in type theory},
  author={Coquand, Thierry},
  journal={Logical frameworks},
  volume={1},
  pages={255--279},
  year={1991}
}

@phdthesis{dijkstra2017quotient,
  title={Quotient inductive-inductive definitions},
  author={Dijkstra, Gabe},
  year={2017},
  school={University of Nottingham}
}

@inproceedings{dougherty1995coproducts,
  title={Equality between functionals in the presence of coproducts},
  author={Dougherty, Daniel J and Subrahmanyam, Ramesh},
  booktitle={Proceedings of Tenth Annual IEEE Symposium on Logic in Computer Science},
  pages={282--291},
  year={1995},
  organization={IEEE}
}

@inproceedings{dybjer1995cwf,
  title={Internal type theory},
  author={Dybjer, Peter},
  booktitle={International Workshop on Types for Proofs and Programs},
  pages={120--134},
  year={1995},
  organization={Springer}
}

@book{girard1989proofs,
  title={Proofs and types},
  author={Girard, Jean-Yves and Taylor, Paul and Lafont, Yves},
  volume={7},
  year={1989},
  publisher={Cambridge university press Cambridge}
}

@article{hedberg1998coherence,
  title={A coherence theorem for Martin-L{\"o}f's type theory},
  author={Hedberg, Michael},
  journal={Journal of Functional Programming},
  volume={8},
  number={4},
  pages={413--436},
  year={1998},
  publisher={Cambridge University Press}
}

@incollection{hofmann1997syntax,
  title={Syntax and semantics of dependent types},
  author={Hofmann, Martin},
  booktitle={Extensional Constructs in Intensional Type Theory},
  pages={13--54},
  year={1997},
  publisher={Springer}
}

@book{hott,
  title={Homotopy type theory: Univalent foundations of mathematics},
  author={Univalent Foundations Program},
  year={2013},
  publisher={Univalent Foundations}
}

@article{jouannaud1998rewrite,
  title={Rewrite orderings for higher-order terms in $\eta$-long $\beta$-normal form and the recursive path ordering},
  author={Jouannaud, Jean-Pierre and Rubio, Albert},
  journal={Theoretical Computer Science},
  volume={208},
  number={1-2},
  pages={33--58},
  year={1998},
  publisher={Elsevier}
}

@article{kaposi2016type,
  title={Type theory in type theory using quotient inductive types},
  author={Altenkirch, Thorsten and Kaposi, Ambrus},
  journal={ACM SIGPLAN Notices},
  volume={51},
  number={1},
  pages={18--29},
  year={2016},
  publisher={ACM}
}

@InProceedings{kaposi2016normalisation,
  title={Normalisation by Evaluation for Dependent Types},
  author={Altenkirch, Thorsten and Kaposi, Ambrus},
  booktitle =	 {1st conference on Foundational Structures in Computation and Deduction (FSCD)},
  year =	 {2016},
}

@article{kaposi2019quotient,
  title={Constructing quotient inductive-inductive types},
  author={Kaposi, Ambrus and Kov{\'a}cs, Andr{\'a}s and Altenkirch, Thorsten},
  journal={Proceedings of the ACM on Programming Languages},
  volume={3},
  number={POPL},
  pages={2},
  year={2019},
  publisher={ACM}
}

@phdthesis{levy2001call,
  title={Call-by-push-value},
  author={Levy, Paul Blain},
  school={Queen Mary and Westfield College, University of London},
  year={2001}
}

@incollection{martin1975intuitionistic,
  title={An intuitionistic theory of types: Predicative part},
  author={Martin-L{\"o}f, Per},
  booktitle={Studies in Logic and the Foundations of Mathematics},
  volume={80},
  pages={73--118},
  year={1975},
  publisher={Elsevier}
}

@inproceedings{mellies1995explicit,
  title={Typed $\lambda$-calculi with explicit substitutions may not terminate},
  author={Mellies, Paul-Andr{\'e}},
  booktitle={International Conference on Typed Lambda Calculi and Applications},
  pages={32},
  year={1995},
  organization={Springer}
}

@book{norell2007agda,
  title={Towards a practical programming language based on dependent type theory},
  author={Norell, Ulf},
  volume={32},
  year={2007},
  publisher={Citeseer}
}

@article{tait1967,
  title={Intensional interpretations of functionals of finite type I},
  volume={32},
  DOI={10.2307/2271658},
  number={2},
  journal={Journal of Symbolic Logic},
  publisher={Cambridge University Press},
  author={Tait, W. W.},
  year={1967},
  pages={198â€“212}
}

@misc{formalisation,
  title={Agda formalisation for the paper Big Step Normalisation for Type Theory},
  author={Thorsten Altenkirch and Colin Geniet},
  year={2019},
  howpublished={Available at \url{https://github.com/colingeniet/big-step-normalisation}},
}
